ISA*00*          *00*          *ZZ*5010TEST       *ZZ*835RECVR       *110930*1105*^*00501*000004592*0*T*|~
GS*HP*5010TEST*835RECVR*20110930*100718*45920001*X*005010X221A1~
ST*835*0001~
BPR*I*1790*C*CHK************20110930~
TRN*1*123456789*1123456789~
REF*EV*5010835EXAMPLE~
DTM*405*20110930~
N1*PR*DENTAL PAYER NAME~
N3*DENTAL PAYER ADDRESS~
N4*CINCINNATI*OH*45206~
PER*CX**TE*8003030303~
PER*BL*TECHNICAL CONTACT*TE*8004040404*EM*PAYER@PAYER.COM~
PER*IC**UR*WWW.PAYER.COM~
N1*PE*PROVIDER NAME*XX*1122334455~
N3*PROVIDER ADDRESS~
N4*CITY*OH*80003~
REF*TJ*123456789~
LX*1~
CLP*PRECERTIFICATION*25*3790*0**12*CLAIMNUMBER1*11*1~
CAS*OA*101*122~
NM1*QC*1*NAME*PATIENT****MI*123456789~
REF*1L*11223344~
REF*CE*CONTRACTING~
DTM*232*19000101~
DTM*233*19000101~
DTM*050*20110908~
PER*CX*WDS CUSTOMER SERVICE*TE*8883030303~
SVC*AD|D1110*90*80**1~
CAS*CO*42*10*1~
REF*6R*00010~
AMT*B6*80~
SVC*AD|D2150*115*42**1~
CAS*PR*2*73*1~
REF*6R*00020~
AMT*B6*115~
SVC*AD|D6751*880*0**1~
CAS*PR*42*880*1~
REF*6R*00030~
LQ*HE*N30~
SVC*AD|D6241*750*0**1~
CAS*PR*42*750*1~
REF*6R*00040~
LQ*HE*N30~
SVC*AD|D6751*880*0**1~
CAS*PR*42*880*1~
REF*6R*00050~
LQ*HE*N30~
SVC*AD|D2751*880*0**1~
CAS*PR*42*880*1~
REF*6R*00060~
LQ*HE*N30~
SVC*AD|D2952*195*0**1~
CAS*PR*42*195*1~
REF*6R*00070~
LQ*HE*N30~
CLP*EDI PAID*1*3790*1790*2000*12*CLAIMNUMBER2*11*1~
NM1*QC*1*TWO*PATIENT****MI*123456789~
DTM*050*20110908~
PER*CX*WDS CUSTOMER SERVICE*TE*8883030303~
SVC*AD|D1110*3790*1790**1~
DTM*472*20110902~
CAS*PR*2*2000*1~
REF*6R*00010~
AMT*B6*3790~
CLP*EDI DENIED*1*3790*0*3790*12*CLAIMNUMBER3*11*1~
NM1*QC*1*LASTNAME*FIRSTNAME****MI*123456789~
DTM*050*20110908~
PER*CX*WDS CUSTOMER SERVICE*TE*8883030303~
SVC*AD|D1110*3790*0**1~
DTM*472*20110901~
CAS*PR*32*3790*1~
REF*6R*00010~
AMT*B6*3790~
SE*72*0001~
GE*1*45920001~
IEA*1*000004592~
