ISA*00*          *00*          *ZZ*5010TEST       *ZZ*835RECVR       *110930*1105*^*00501*000004592*0*T*:~
GS*HP*5010TEST*835RECVR*20110930*100718*45920001*X*005010X221A1~
ST*835*1234~
BPR*I*100*C*CHK************20110930~
TRN*1*123456789*1123456789~
REF*EV*5010835EXAMPLE~
DTM*405*20110930~
N1*PR*PAYER NAME~
N3*PAYER ADDRESS~
N4*CINCINNATI*OH*45206~
PER*CX**TE*8003030303~
PER*BL*TECHNICAL CONTACT INFO*TE*8004040404*EM*PAYER.EDI@PAYER.COM~
PER*IC**UR*WWW.PAYER.COM~
N1*PE*PROVIDER NAME*XX*1122334455~
N3*PROVIDER ADDRESS~
N4*CITY*OH*80003~
REF*TJ*123456789~
LX*1~
CLP*EDI PAID*1*2083*100**14*CLAIMNUMBER1**1~
NM1*QC*1*LAST NAME*FIRST NAME****MI*123A12345~
DTM*050*20110907~
SVC*NU:0450*2083*100**1**0~
DTM*472*20110906~
CAS*CO*45*1983~
REF*6R*1~
AMT*B6*100~
CLP*EDI DENIED*1*207.16*0**HM*CLAIMNUMBER2*13*1~
NM1*QC*1*LAST*FIRST****MI*AAA123456789~
NM1*IL*1*LAST*FIRSTNAME****MI*AAA123456789~
NM1*74*1*LAST*FIRSTLAST****C*0000999998~
NM1*82*2*REGULAR HOSPITAL*****XX*1123456789~
DTM*232*20110908~
DTM*050*20110908~
SVC*NU:0250*9.2*0**4~
DTM*472*20110908~
CAS*CO*16*9.2~
LQ*HE*N142~
SVC*NU:0271*57.94*0**2~
DTM*472*20110908~
CAS*CO*16*57.94~
LQ*HE*N142~
SVC*HC:85025*47*0*0300*1~
DTM*472*20110907~
CAS*CO*16*47~
LQ*HE*N142~
SVC*NU:0636*18.02*0**2~
DTM*472*20110908~
CAS*CO*16*18.02~
LQ*HE*N142~
SVC*HC:36591*75*0*0949*1~
DTM*472*20110908~
CAS*CO*16*75~
LQ*HE*N142~
SE*52*0001~
GE*1*45920001~
IEA*1*000004592~
